<?xml version="1.0" encoding="UTF-8"?><collection xmlns="http://www.loc.gov/MARC21/slim"><record><leader>00448nam--2200181-u-4500</leader><controlfield tag="001">000052473</controlfield><controlfield tag="002">20161230</controlfield><controlfield tag="005">20161230201050</controlfield><controlfield tag="008">100721s1000------------r-----000-0-rus-d</controlfield><datafield ind1=" " ind2=" " tag="040"><subfield code="a">IFIN-HH</subfield></datafield><datafield ind1=" " ind2=" " tag="041"><subfield code="a">rus</subfield></datafield><datafield ind1=" " ind2=" " tag="080"><subfield code="a">532.785:536.425:548.5</subfield></datafield><datafield ind1="1" ind2=" " tag="100"><subfield code="a">Kozlova, O.G</subfield></datafield><datafield ind1="1" ind2="0" tag="245"><subfield code="a">Rost kristallov</subfield><subfield code="c">O.G. Kozlova</subfield></datafield><datafield ind1=" " ind2=" " tag="260"><subfield code="a">Moskva</subfield><subfield code="b">Moskovskogo Universiteta</subfield><subfield code="c">1967</subfield></datafield><datafield ind1=" " ind2=" " tag="300"><subfield code="a">238 p</subfield></datafield><datafield ind1=" " ind2=" " tag="852"><subfield code="a">45727</subfield><subfield code="c">532</subfield></datafield><datafield ind1=" " ind2=" " tag="CAT"><subfield code="a">Sys</subfield><subfield code="c">20100721</subfield><subfield code="h">130610</subfield></datafield></record></collection>